@misc{BarST-SMTLIB,
  author =	 {Clark Barrett and Aaron Stump and Cesare Tinelli},
  title =	 {{The Satisfiability Modulo Theories Library (SMT-LIB)}},
  howpublished = {{\tt www.SMT-LIB.org}},
  year =	 2010
}

@inproceedings{BrotherstonFPG14,
  author    = {James Brotherston and
               Carsten Fuhs and
               Juan A. Navarro P{\'{e}}rez and
               Nikos Gorogiannis},
  title     = {A decision procedure for satisfiability in separation logic with inductive
               predicates},
  booktitle = {{CSL-LICS}},
  year      = {2014},
  pages     = {25:1-25:10},
  publisher = {{ACM}},
  biburl    = {http://dblp.uni-trier.de/rec/bib/conf/csl/BrotherstonFPG14},
  bibsource = {dblp computer science bibliography, http://dblp.org}
}

@inproceedings{IosifRV14,
  author    = {Radu Iosif and
               Adam Rogalewicz and
               Tom{\'{a}}s Vojnar},
  title     = {Deciding Entailments in Inductive Separation Logic with Tree Automata},
  booktitle = {ATVA},
  publisher = {Springer},
  series    = {Lecture Notes in Computer Science},
  volume    = {8837},
  year      = {2014},
  pages     = {201--218}
}

@article{ChinDNQ12,
  author    = {Wei-Ngan Chin and
               Cristina David and
               Huu Hai Nguyen and
               Shengchao Qin},
  title     = {Automated verification of shape, size and bag properties
               via user-defined predicates in separation logic},
  journal   = {Sci. Comput. Program.},
  volume    = {77},
  number    = {9},
  year      = {2012},
  pages     = {1006--1036},
  ee        = {http://dx.doi.org/10.1016/j.scico.2010.07.004},
  bibsource = {DBLP, http://dblp.uni-trier.de}
}


@inproceedings{BrotherstonGP12,
  author    = {James Brotherston and
               Nikos Gorogiannis and
               Rasmus Lerchedahl Petersen},
  title     = {A Generic Cyclic Theorem Prover},
  booktitle = {APLAS},
  publisher = {Springer},
  series    = {Lecture Notes in Computer Science},
  volume    = {7705},
  year      = {2012},
  pages     = {350--367},
  ee        = {http://dx.doi.org/10.1007/978-3-642-35182-2_25},
  bibsource = {DBLP, http://dblp.uni-trier.de}
}


@inproceedings{PerezR13,
  author    = {Juan Antonio Navarro P{\'{e}}rez and
               Andrey Rybalchenko},
  title     = {Separation Logic Modulo Theories},
  booktitle = {{APLAS}},
  pages     = {90--106},
  series    = {Lecture Notes in Computer Science},
  year      = {2013},
  volume    = {8301},
  publisher = {Springer},
  bibsource = {dblp computer science bibliography, http://dblp.org}
}


@inproceedings{AntonopoulosGHKO14,
  author    = {Timos Antonopoulos and
               Nikos Gorogiannis and
               Christoph Haase and
               Max I. Kanovich and
               Jo{\"{e}}l Ouaknine},
  title     = {Foundations for Decision Problems in Separation Logic with General
               Inductive Predicates},
  booktitle = {FOSSACS},
  year      = {2014},
  pages     = {411--425},
  series    = {Lecture Notes in Computer Science},
  volume    = {8412},
  publisher = {Springer},
  url       = {http://dx.doi.org/10.1007/978-3-642-54830-7_27},
  doi       = {10.1007/978-3-642-54830-7_27},
  timestamp = {Tue, 09 Sep 2014 11:23:19 +0200},
  biburl    = {http://dblp.uni-trier.de/rec/bib/conf/fossacs/AntonopoulosGHKO14},
  bibsource = {dblp computer science bibliography, http://dblp.org}
}

@inproceedings{BrookesOR14,
  author    = {Stephen Brookes and
               Peter W. O'Hearn and
               Uday S. Reddy},
  title     = {The essence of Reynolds},
  booktitle = {POPL},
  year      = {2014},
  pages     = {251--256},
  publisher = {{ACM}},
  url       = {http://doi.acm.org/10.1145/2535838.2537851},
  doi       = {10.1145/2535838.2537851},
  timestamp = {Tue, 09 Sep 2014 09:36:49 +0200},
  biburl    = {http://dblp.uni-trier.de/rec/bib/conf/popl/BrookesOR14},
  bibsource = {dblp computer science bibliography, http://dblp.org}
}

@techreport{BrotherstonFGNP13,
  author    = {James Brotherston and 
               Carsten Fuhs and 
               Nikos Gorogiannis and 
               Navarro P\'erez, Juan},
  title     = {A Decision Procedure for Satisfiability in Separation Logic 
               with Inductive Predicates},
  year      = {2013},
  institution = {University College London},
  pdf       = {publications/2013-slsat-tr.pdf},
  number    = {RN/13/15}
}

@inproceedings{BouajjaniDES12-vmcai,
  author    = {Ahmed Bouajjani and
               Cezara Dragoi and
               Constantin Enea and
               Mihaela Sighireanu},
  title     = {Abstract Domains for Automated Reasoning about List-Manipulating
               Programs with Infinite Data},
  booktitle = {VMCAI},
  publisher = {Springer},
  series    = {Lecture Notes in Computer Science},
  volume    = {7148},
  year      = {2012},
  pages     = {1--22},
  ee        = {http://dx.doi.org/10.1007/978-3-642-27940-9_1},
  bibsource = {DBLP, http://dblp.uni-trier.de}
}


@inproceedings{CalcagnoYO01,
  author    = {Cristiano Calcagno and
               Hongseok Yang and
               Peter W. O'Hearn},
  title     = {Computability and Complexity Results for a Spatial Assertion
               Language for Data Structures},
  booktitle = {APLAS},
  year      = {2001},
  pages     = {289--300},
  bibsource = {DBLP, http://dblp.uni-trier.de}
}

@inproceedings{CookHOPW11,
  author    = {Byron Cook and
               Christoph Haase and
               Jo{\"{e}}l Ouaknine and
               Matthew J. Parkinson and
               James Worrell},
  title     = {Tractable Reasoning in a Fragment of Separation Logic},
  booktitle = {CONCUR},
  year      = {2011},
  pages     = {235--249},
  series    = {Lecture Notes in Computer Science},
  volume    = {6901},
  publisher = {Springer},
  url       = {http://dx.doi.org/10.1007/978-3-642-23217-6_16},
  doi       = {10.1007/978-3-642-23217-6_16},
  timestamp = {Tue, 09 Sep 2014 11:47:52 +0200},
  biburl    = {http://dblp.uni-trier.de/rec/bib/conf/concur/CookHOPW11},
  bibsource = {dblp computer science bibliography, http://dblp.org}
}

@inproceedings{EneaLSV14,
  author    = {Constantin Enea and
                 Ond\v{r}ej Leng\'{a}l and
                 Mihaela Sighireanu and
                 Tom\'{a}\v{s} Vojnar},
  title       = {Compositional Entailment Checking for a Fragment of Separation
                 Logic},
  booktitle   = {APLAS},
  year        = {2014},
  pages       = {314--333},
  series      = {Lecture Notes in Computer Science},
  volume      = {8858},
  publisher   = {Springer}
}

@inproceedings{HasseIOP13,
  author    = {Christoph Haase and
               Samin Ishtiaq and
               Jo{\"e}l Ouaknine and
               Matthew J. Parkinson},
  title     = {{SeLoger}: A Tool for Graph-Based Reasoning in Separation
               Logic},
  booktitle = {CAV},
  year      = {2013},
  pages     = {790--795},
  series    = {Lecture Notes in Computer Science},
  volume    = {8044},
  publisher = {Springer},
  ee        = {http://dx.doi.org/10.1007/978-3-642-39799-8_55},
  bibsource = {DBLP, http://dblp.uni-trier.de}
}

@inproceedings{IosifRS13,
  author    = {Radu Iosif and
               Adam Rogalewicz and
               Jir{\'{\i}} Sim{\'{a}}cek},
  title     = {The Tree Width of Separation Logic with Recursive Definitions},
  booktitle = {CADE},
  year      = {2013},
  pages     = {21--38},
  series    = {Lecture Notes in Computer Science},
  volume    = {7898},
  publisher = {Springer},
  url       = {http://dx.doi.org/10.1007/978-3-642-38574-2_2},
  doi       = {10.1007/978-3-642-38574-2_2},
  timestamp = {Tue, 09 Sep 2014 11:12:25 +0200},
  biburl    = {http://dblp.uni-trier.de/rec/bib/conf/cade/IosifRS13},
  bibsource = {dblp computer science bibliography, http://dblp.org}
}

@inproceedings{OHearnRY01,
  author    = {Peter W. O'Hearn and
               John C. Reynolds and
               Hongseok Yang},
  title     = {Local Reasoning about Programs that Alter Data Structures},
  booktitle = {CSL},
  year      = {2001},
  pages     = {1--19},
  series    = {Lecture Notes in Computer Science},
  volume    = {2142},
  publisher = {Springer},
  url       = {http://dx.doi.org/10.1007/3-540-44802-0_1},
  doi       = {10.1007/3-540-44802-0_1},
  biburl    = {http://dblp.uni-trier.de/rec/bib/conf/csl/OHearnRY01},
  bibsource = {dblp computer science bibliography, http://dblp.org}
}

@inproceedings{PerezR11,
  author    = {Juan A. Navarro P{\'e}rez and
               Andrey Rybalchenko},
  title     = {Separation logic + superposition calculus = heap theorem
               prover},
  booktitle = {PLDI},
  publisher = {ACM},
  year      = {2011},
  pages     = {556--566}
}

@inproceedings{PiskacWZ13,
  author    = {Ruzica Piskac and
               Thomas Wies and
               Damien Zufferey},
  title     = {Automating Separation Logic Using {SMT}},
  booktitle = {CAV},
  year      = {2013},
  pages     = {773--789},
  series    = {Lecture Notes in Computer Science},
  volume    = {8044},
  publisher = {Springer},
  url       = {http://dx.doi.org/10.1007/978-3-642-39799-8_54},
  doi       = {10.1007/978-3-642-39799-8_54},
  timestamp = {Tue, 16 Sep 2014 15:30:18 +0200},
  biburl    = {http://dblp.uni-trier.de/rec/bib/conf/cav/PiskacWZ13},
  bibsource = {dblp computer science bibliography, http://dblp.org}
}

@inproceedings{Reynolds02,
  author    = {John C. Reynolds},
  title     = {Separation Logic: {A} Logic for Shared Mutable Data Structures},
  booktitle = {LICS},
  year      = {2002},
  pages     = {55--74},
  publisher = {{IEEE} Computer Society},
  url       = {http://doi.ieeecomputersociety.org/10.1109/LICS.2002.1029817},
  doi       = {10.1109/LICS.2002.1029817},
  biburl    = {http://dblp.uni-trier.de/rec/bib/conf/lics/Reynolds02},
  bibsource = {dblp computer science bibliography, http://dblp.org}
}

@inproceedings{Reynolds99,
  author    = {John C. Reynolds},
  title     = {Intuitionistic Reasoning about Shared Mutable Data Structure},
  booktitle = {Oxford-Microsoft Symposium in Honour of Sir Tony Hoare},
  year      = {1999},
  OPTpages  = {},
  publisher = {Palgrave Macmillan},
  url       = {http://http://www.palgrave.com/page/detail/?sf1=id_product&st1=262597},
  note      = {Publication date November 2000}
}

@misc{OHearn-SLsite,
  author    = {Peter O'Hearn},
  title     = {Separation Logic},
  OPTyear   = {2010},
  note      = {\url{http://www0.cs.ucl.ac.uk/staff/p.ohearn/SeparationLogic/Separation_Logic/SL_Home.html}}
}

@misc{SLEEKsite,
  author    = {{SLEEK}},
  OPTtitle  = {{SLEEK}},
  OPTyear   = {2014},
  note      = {\url{http://loris-7.ddns.comp.nus.edu.sg/~project/s2/beta/}}
}


@misc{CYCLISTsite,
  author    = {{CYCLIST}},
  OPTtitle  = {{CYCLIST}},
  OPTyear   = {2014},
  note      = {\url{https://github.com/ngorogiannis/cyclist}}
}



@misc{SPENsite,
  author    = {{SPEN}},
  OPTtitle  = {{SPEN}},
  OPTyear   = {2014},
  note      = {\url{https://www.github.com/mihasighi/spen}}
}

@misc{SLIDEsite,
  author    = {{SLIDE}},
  OPTtitle  = {{SLIDE}},
  OPTyear   = {2014},
  note      = {\url{http://www.fit.vutbr.cz/research/groups/verifit/tools/slide/}}
}

@misc{SmallFootsite,
  OPTauthor    = {Josh Berdine and Cristiano Calcagno and Peter O'Hearn},
  OPTtitle     = {{\sf SmallFoot}},
  author    = {{SmallFoot}},
  OPTyear      = {2005},
  note      = {\url{http://www0.cs.ucl.ac.uk/staff/p.ohearn/smallfoot/}}
}

@misc{StarExecsite,
  author    = {{StarExec}},
  OPTtitle  = {{SPEN}},
  OPTyear   = {2014},
  note      = {\url{http://www.starexec.org}}
}


@misc{SMTCOMPsite,
  author    = {{SMT-COMP}},
  OPTtitle  = {{SMT-COMP}},
  OPTyear   = {2014},
  note      = {\url{http://smtcomp.sourceforge.org}}
}


